<?xml version="1.0" encoding="UTF-8"?><record xmlns="http://www.loc.gov/MARC21/slim" xmlns:cinclude="http://apache.org/cocoon/include/1.0" xmlns:zs="http://www.loc.gov/zing/srw/">
  <leader>00364nz  a2200133n  4500</leader>
  <controlfield tag="001">no 00051495 </controlfield>
  <controlfield tag="003">DLC</controlfield>
  <controlfield tag="005">20000721064036.0</controlfield>
  <controlfield tag="008">000720n| acannaabn          |n aaa     c</controlfield>
  <datafield tag="010" ind1=" " ind2=" ">
    <subfield code="a">no 00051495 </subfield>
  </datafield>
  <datafield tag="035" ind1=" " ind2=" ">
    <subfield code="a">(OCoLC)oca05262881</subfield>
  </datafield>
  <datafield tag="040" ind1=" " ind2=" ">
    <subfield code="a">GEU</subfield>
    <subfield code="b">eng</subfield>
    <subfield code="c">GEU</subfield>
  </datafield>
  <datafield tag="100" ind1="1" ind2=" ">
    <subfield code="a">Wimmer, Silvia</subfield>
  </datafield>
  <datafield tag="670" ind1=" " ind2=" ">
    <subfield code="a">Die bayerisch-patriotischen Geschichtsdramen, 1999:</subfield>
    <subfield code="b">t.p. (Silvia Wimmer)</subfield>
  </datafield>
</record>